 @BOOK
 {
 ID,
 author = {E. Kou et al.},
 title = {The Belle II Physics Book},
 date = {2018},
 url = {https://arxiv.org/abs/1808.10567},

}
